<record><leader>00000cas a22000007a 4500</leader><controlfield tag="001">10462162</controlfield><controlfield tag="008">840227d19801992mauer ne      0   a0eng d</controlfield><datafield ind1=" " ind2=" " tag="010"><subfield code="a">sn 84009419 </subfield></datafield><datafield ind1=" " ind2=" " tag="040"><subfield code="a">NSD</subfield><subfield code="b">eng</subfield><subfield code="c">NSD</subfield><subfield code="d">MGN</subfield><subfield code="d">OCLCQ</subfield><subfield code="d">OCLCF</subfield><subfield code="d">OCLCO</subfield></datafield><datafield ind1=" " ind2=" " tag="012"><subfield code="j">0</subfield><subfield code="m">d</subfield></datafield><datafield ind1="1" ind2=" " tag="022"><subfield code="a">0747-0053</subfield><subfield code="l">0747-0053</subfield><subfield code="2">1</subfield></datafield><datafield ind1="1" ind2=" " tag="029"><subfield code="a">AU@</subfield><subfield code="b">000025833669</subfield></datafield><datafield ind1=" " ind2=" " tag="037"><subfield code="b">The Jewish Chronicle-Leader, 167 Pleasant St., Worcester, MA 01609</subfield></datafield><datafield ind1=" " ind2=" " tag="042"><subfield code="a">msc</subfield><subfield code="a">nsdp</subfield></datafield><datafield ind1=" " ind2=" " tag="043"><subfield code="a">n-us-ma</subfield></datafield><datafield ind1=" " ind2="4" tag="222"><subfield code="a">The Jewish chronicle-leader</subfield></datafield><datafield ind1="0" ind2="4" tag="245"><subfield code="a">The Jewish chronicle-leader.</subfield></datafield><datafield ind1=" " ind2=" " tag="260"><subfield code="a">Worcester, MA :</subfield><subfield code="b">[Mar-Len Publications]</subfield></datafield><datafield ind1=" " ind2=" " tag="300"><subfield code="a">v.</subfield></datafield><datafield ind1=" " ind2=" " tag="310"><subfield code="a">Biweekly,</subfield><subfield code="b">Feb. 12, 1981-1992</subfield></datafield><datafield ind1=" " ind2=" " tag="321"><subfield code="a">Semimonthly,</subfield><subfield code="b">1980-Feb. 1, 1981</subfield></datafield><datafield ind1="0" ind2=" " tag="362"><subfield code="a">[Vol. 56, no. 18] (June 1, 1980)-v. 66, no. 17 (Aug. 13, 1992).</subfield></datafield><datafield ind1=" " ind2=" " tag="515"><subfield code="a">Numbering is irregular.</subfield></datafield><datafield ind1=" " ind2="0" tag="650"><subfield code="a">Jewish newspapers</subfield><subfield code="z">Massachusetts.</subfield></datafield><datafield ind1=" " ind2="7" tag="650"><subfield code="a">Jewish newspapers.</subfield><subfield code="2">fast</subfield><subfield code="0">(OCoLC)fst00982872</subfield></datafield><datafield ind1=" " ind2="7" tag="651"><subfield code="a">Massachusetts.</subfield><subfield code="2">fast</subfield><subfield code="0">(OCoLC)fst01204307</subfield></datafield><datafield ind1=" " ind2=" " tag="752"><subfield code="a">United States</subfield><subfield code="b">Massachusetts</subfield><subfield code="c">Worcester</subfield><subfield code="d">Worcester.</subfield></datafield><datafield ind1="0" ind2="4" tag="780"><subfield code="t">Jewish chronicle (Worcester, Mass. 1976)</subfield><subfield code="x">0191-4952</subfield><subfield code="w">(DLC)sn 79002617</subfield></datafield><datafield ind1="0" ind2="4" tag="780"><subfield code="t">Jewish civic leader</subfield><subfield code="w">(DLC)sn 89070116</subfield></datafield><datafield ind1="0" ind2="0" tag="785"><subfield code="t">Jewish chronicle (Worcester, Mass. : 1992)</subfield><subfield code="x">1068-1663</subfield><subfield code="w">(DLC)sn 93003788</subfield></datafield><datafield ind1=" " ind2=" " tag="936"><subfield code="a">Feb. 9, 1984</subfield></datafield></record>